4506 5396
193 393 219 464 4¹

195 595 337 665 scribae
349 615 429 666 esse
448 609 777 688 repraesentatem
816 619 818 622 ·
839 593 910 666 Sed
931 611 1005 688 quo
1031 594 1171 664 certius
1191 591 1237 664 de
1255 595 1385 666 indole
1400 591 1626 690 'exemplaris
1642 589 1783 689 nostri,
1811 615 1850 668 et
1939 647 1943 653 ·

193 713 517 806 quemadmodum
537 713 756 784 Fabriciano
776 735 867 784 usus
882 712 1174 807 Oudendorpius
1189 704 1391 806 videaruq
1414 730 1453 784 et
1467 733 1541 806 quo
1553 715 1638 786 iure
1654 717 1848 810 spohnius

194 834 286 902 adeo
303 832 466 928 graviter
477 831 523 900 de
536 853 580 900 eo
595 846 634 901 et
647 832 693 902 de
706 831 861 903 Davisio
877 833 1054 923 senserit,
1086 847 1257 923 constet,
1292 836 1465 926 exempla
1481 833 1664 925 quaedam
1682 837 1849 906 afferam.

195 947 569 1044 Oudendorpiinota
595 950 805 1044 ad1.1,'5
833 954 999 1037 Oceano,
1032 949 1184 1043 finibus
1202 949 1405 1040 Belgarum
1412 977 1426 1043 ‚-
1465 954 1632 1041 adtingit
1652 955 1747 1024 haec
1775 971 1849 1025 est:
1921 941 1924 946 ¹

194 1072 369 1164 „Omnes
385 1067 493 1138 MSS.
506 1083 592 1138 tum
605 1069 684 1138 mei
697 1085 785 1140 turn
802 1069 966 1139 aliorum
977 1068 1120 1138 habent
1135 1067 1376 1160 cumprimis
1391 1069 1636 1140 Editionibus
1664 1075 1850 1142 Oceanum

184 1188 335 1281 sinibus
351 1166 391 1254 Β.
409 1185 595 1273 adtingit,
623 1190 683 1258 vel
698 1188 910 1282 infinibus,
935 1188 994 1256 vel
1011 1209 1036 1255 a
1038 1186 1209 1280 finibus,
1243 1185 1405 1280 velsinis
1418 1211 1484 1260 seu
1493 1189 1601 1280 fines.
1614 1193 1640 1234 “
1691 1192 1738 1258 In
1754 1193 1851 1260 marss

195 1306 287 1401 gine
300 1320 428 1375 nostro
449 1305 634 1374 Oceanum
648 1327 693 1372 ex
709 1303 879 1398 quinque
892 1303 1149 1396 Gruterianis,
1189 1306 1456 1403 Bongarsianis
1472 1307 1612 1399 tribus,
1646 1307 1851 1378 Petaviano

197 1441 235 1494 et
249 1424 441 1515 Palatino,
466 1445 512 1492 ex
524 1444 601 1490 uno
615 1421 788 1506 Heinsii,
816 1412 1063 1514 Lovanie‘nsi,
1091 1437 1129 1492 et
1146 1422 1292 1493 duobus
1305 1423 1509 1518 Gudianis,
1537 1425 1801 1520 Gottorpiensi
1814 1441 1854 1495 et

195 1542 445 1638 Egmondano
459 1556 637 1612 notatum
649 1556 717 1631 est,
745 1555 790 1609 ut
804 1540 847 1610 in
863 1553 968 1611 sexto
981 1541 1223 1632 Gruteriano,
1250 1541 1323 1611 ho'c
1337 1556 1394 1611 est
1405 1543 1636 1635 Cuiacianq·
1651 1559 1690 1613 et
1704 1544 1749 1613 in
1762 1545 1854 1614 Vos-

197 1664 304 1734 siano
321 1659 440 1732 Gudii
454 1673 492 1728 et
506 1658 549 1727 in
562 1656 759 1749 Lipsianis
778 1661 923 1728 Oceano
939 1657 1416 1751 scriptumessevideatur.
1442 1662 1493 1730 Et
1506 1675 1639 1730 tamen
1651 1653 1853 1730 Vossianus
1894 1673 1899 1686 “
1961 1707 1965 1722 1

198 1775 350 1869 omnes,
383 1773 547 1869 quorum
563 1799 664 1846 unus
680 1791 737 1844 est
755 1776 955 1846 Gudianus
970 1777 1061 1868 iste,
1096 1775 1388 1870 Oudendorpius
1402 1775 1485 1871 ipse
1498 1775 1766 1871 perlustravit,¹
1775 1777 1854 1847 sLi-

197 1899 421 1992 psianorum
435 1910 564 1964 autem
581 1894 921 1971 *collatio'minime
939 1894 985 1965 ad
1003 1895 1135 1965 omnia
1152 1896 1264 1970 verba
1284 1893 1384 1966 iacta
1404 1893 1486 1988 est,'
1515 1911 1555 1966 et
1575 1896 1621 1966 de
1645 1893 1857 1967 Cuiaciario.

199 2015 366 2091 dubitari
389 2028 588 2108 propterea
614 2014 740 2106 debet,
784 2013 885 2107 quod
906 2011 1090 2083 Gruterus
1107 2013 1150 2083 in
1171 2014 1273 2084 notis
1296 2013 1453 2087 ineditis
1461 2014 1479 2107 ,'
1499 2015 1591 2108 quas
1604 2013 1767 2086 habebat
1781 2011 1856 2084 Ou-

199 2134 451 2227 dendorpius,
489 2129 596 2202 illius
618 2131 760 2201 codicis
779 2131 1016 2227 singularem
1037 2147 1076 2202 et
1098 2155 1226 2202 veram
1239 2131 1466 2224 lectionem
1491 2133 1525 2203 si
1540 2132 1573 2203 is
1592 2131 1738 2204 Oceano
1752 2150 1856 2225 praef

198 2260 354 2343 buisseq
382 2273 462 2335 non
477 2249 628 2324 videtur
638 2248 795 2320 silentio
809 2249 952 2343 potius,
969 2272 1084 2343 quam
1096 2250 1237 2322 diserto
1252 2247 1711 2336 testimonioosterisur'us
1722 2250 1855 2322 fuisse.

202 2374 341 2464 Cap.3‚
356 2375 374 2442 1
391 2343 683 2461 Oudendorpius
701 2391 769 2462 pro
786 2389 1007 2460 comparare
1021 2365 1064 2435 in
1078 2367 1332 2465 Egmondano'
1346 2382 1386 2437 et
1397 2366 1579 2438 Leidensi
1591 2369 1758 2441 secundo
1776 2372 1856 2467 legi

199 2487 479 2584 pararetradit.
530 2487 854 2581 DesEgmondano
870 2484 1148 2556 dubitationem
1158 2485 1289 2558 iniicit
1301 2485 1495 2580 exemplar
1505 2493 1693 2582 nostrum,
1719 2488 1764 2560 in
1777 2512 1856 2583 quo

201 2610 311 2678 verbo
327 2629 546 2698 comparare
561 2605 602 2673 in
619 2605 702 2697 ipso
718 2604 1140 2696 contextuinscriptum
1155 2603 1391 2699 est„MSS.“
1404 2605 1449 2675 in
1464 2605 1643 2702 margine
1650 2622 1781 2680 autem
1793 2609 1855 2678 ad·

202 2729 406 2820 scriptum:
431 2773 454 2815 „
464 2748 604 2818 parare.
618 2723 693 2792 L.“
727 2725 849 2816 Quam
865 2722 1283 2818 litteram'singularem
1297 2723 1474 2814 Lipsium
1490 2723 1707 2818 significare
1719 2727 1767 2798 ad
1782 2729 1855 2796 cal·

202 2869 287 2916 cem
303 2840 515 2912 voluminis
534 2844 772 2912 observatum
797 2857 864 2912 est.
924 2845 1060 2933 Itaque
1078 2841 1205 2932 Lipsii
1224 2843 1318 2910 haec
1339 2840 1558 2912 coniectura
1571 2843 1705 2936 fuerit,
1738 2864 1855 2937 quam

203 2959 473 3053 manuscriptis
487 2983 567 3030 non
580 2961 798 3030 confirmari
814 2980 881 3049 per
894 2957 991 3027 illud
1004 2957 1175 3048 „MSS.“
1189 2959 1392 3029 doceamur
1396 2983 1410 3049 3
1425 2959 1858 3054 Oudendorpiusaut'em

202 3085 263 3154 vel
281 3101 478 3174 perperam
490 3077 631 3174 Elegit
647 3099 715 3168 pro
727 3077 777 3168 L,
811 3077 869 3144 vel
881 3098 1003 3166 quum
1017 3073 1061 3144 in
1084 3097 1194 3146 versu
1207 3075 1450 3167 praecedenti
1463 3097 1532 3169 pro
1543 3073 1856 3171 proficiscendum

205 3227 250 3271 ex
261 3201 309 3291 E,
319 3199 392 3268 hoc
407 3213 464 3268 est
485 3196 755 3292 Egmondano‚
784 3209 961 3264 notatum
978 3209 1077 3294 esset
1090 3194 1134 3264 in
1146 3194 1320 3291 margine
1334 3191 1558 3266 Fabriciano
1570 3193 1853 3287 perficiendum,

171 3305 173 3308 ’
204 3322 374 3392 litteram
391 3317 422 3385 E
440 3314 533 3384 huic
548 3317 747 3408 neglectae
768 3314 812 3383 ab
836 3313 919 3404 ipso
934 3311 1109 3382 varietati
1129 3311 1359 3404 adscriptam
1379 3313 1449 3406 p‘er
1461 3333 1627 3384 errorem
1641 3313 1688 3384 ad
1702 3312 1858 3384 inferio·

204 3461 286 3510 rem
305 3455 457 3536 versum
476 3447 513 3501 et
535 3432 691 3501 verbum
712 3453 852 3524 parare
870 3429 1016 3499 retulit.
1078 3431 1203 3521 Atque
1222 3427 1543 3501 wratislaviensis
1562 3427 1854 3532 Rehdigeranus

205 3556 352 3652 primus
372 3550 416 3620 in
437 3547 630 3642 plerisque
653 3573 743 3620 cum
773 3548 1023 3644 Egmondano
1046 3546 1289 3617 consentiens
1301 3549 1435 3618 tuetur
1453 3551 1492 3620 h.
1521 3551 1550 3621 1.
1574 3547 1794 3656 'caniparare
1816 3567 1856 3620 et
1952 3643 1956 3651 Ι
2076 3587 2081 3600 «

205 3673 338 3768 paullo
354 3683 443 3739 ante
459 3667 574 3738 habet
583 3669 864 3762 proficiendnm.
916 3665 1099 3737 Eiusdem
1110 3664 1280 3759 capitis'§
1294 3668 1319 3742 4
1333 3669 1402 3760 p'ro
1419 3668 1505 3736 a'S.
1517 3668 1560 3735 P.
1581 3667 1623 3758 Q.
1641 3667 1686 3737 R.
1705 3668 1855 3740 Ouden-

207 3790 361 3884 dorpius
380 3800 543 3858 testatur
564 3785 607 3854 in
623 3785 893 3857 vetustissimis
915 3785 1023 3856 MSS.
1042 3784 1221 3880 Bongars.
1248 3807 1304 3877 pr.
1320 3785 1426 3856 Voss.
1448 3785 1504 3878 p'r.
1527 3785 1634 3856 Leid·
1654 3807 1711 3879 pr.
1729 3785 1853 3855 Peter.

206 3912 296 3979 Lov.
310 3908 423 4003 Egm.
438 3919 476 3976 et
488 3905 635 3976 duobus
651 3903 738 3974 aliis
752 3904 867 3973 scribi
891 3927 916 3972 a
936 3906 1077 3972 Senatu
1094 3897 1233 3994 populi
1249 3903 1422 3974 Romani.
1475 3904 1680 3997 Exemplar
1692 3903 1855 3994 Spohnii

207 4027 260 4098 ita
273 4025 406 4095 habet:
432 4045 486 4115 „a
508 4024 543 4093 S.
565 4024 604 4092 Ρ.
624 4023 670 4092 R.
689 4023 753 4091 Bo.
774 4026 807 4095 1.
822 4028 858 4096 2.
871 4023 914 4090 V.
931 4026 963 4093 1.
976 4017 1112 4113 populi
1124 4019 1234 4089 Rom.
1246 4021 1325 4090 Pet.
1341 4026 1373 4096 1.
1423 4022 1538 4113 'Pque
1552 4025 1723 4092 Romano
1739 4021 1785 4092 G.
1796 4023 1858 4092 Se·

207 4160 343 4222 natum
358 4139 493 4235 populi
505 4139 681 4212 Romani
704 4139 783 4208 H·“
839 4139 914 4210 Hic
929 4137 1050 4233 igitur
1063 4136 1309 4232 Egmondani
1322 4138 1471 4210 mentio
1484 4140 1594 4208 nulla
1606 4139 1661 4230 fir,
1689 4152 1730 4208 et
1740 4137 1856 4209 Lova·

209 4260 354 4334 niensis
367 4259 435 4348 (H)
447 4257 562 4329 lectio
576 4259 650 4328 alia
664 4255 815 4327 dicitur.
884 4256 956 4327 Sed
975 4278 1096 4348 quum
1112 4257 1229 4326 Wrat.
1256 4259 1275 4330 1
1300 4255 1438 4327 habeat
1445 4256 1481 4326 'a
1495 4271 1625 4326 senatu
1636 4259 1769 4348 populi
1776 4259 1855 4326 'Ro-

209 4383 330 4467 neoni,
358 4401 426 4474 pro
442 4377 519 4479 Pet·
537 4383 588 4470 lq
621 4376 741 4470 quod,
768 4376 858 4467 quia
873 4395 973 4446 unas
990 4387 1144 4446 tantum
1157 4389 1214 4446 est
1228 4371 1475 4457 Peterianns,
1502 4373 1853 4465 vitiosumvide'tur,
