4506 5396
877 375 1197 466 nisum.
1341 435 1354 456 ,.
1579 356 1583 366 ’
1766 469 1769 476 ¹
1860 374 1920 457 ‚23

207 577 346 668 hortis
360 571 557 665 secunda
569 572 718 687 vigilie
732 571 857 658 iubet
868 569 1112 682 proficisci,
1149 569 1246 686 pari
1259 571 1434 680 equites
1445 589 1652 668 numero,
1676 561 1859 697 :quibus

206 689 423 804 praefecit
437 688 671 780 'hominem
700 690 793 772 eius
815 687 1073 798 provinciae
1094 699 1252 768 notum
1276 699 1436 769 ennon
1457 707 1612 792 parurn
1634 697 1862 781 serentem,
1887 765 1891 774 ,

206 807 256 894 L.
269 801 737 892 Iuniuml'aoiaeoum.
789 799 882 902 «Qui
899 795 1106 912 quemad
1117 796 1204 892 .Cn.
1222 795 1420 908 Pompeii
1428 793 1645 906 praesidia
1657 795 1872 914 venisset,-

252 1123 418 1185 civitatem
436 1118 523 1180 omni
544 1131 687 1199 tempore
701 1121 828 1202 -optime
855 1121 895 1182 de
912 1120 1032 1201 populo
1084 1113 1245 1178 Diones.
1263 1119 1306 1186 32
1321 1113 1483 1176 maiorem
1506 1115 1668 1174 exercitus
1683 1123 1811 1192 partem
1829 1115 1866 1174 in

246 1207 293 1274 R.
316 1207 463 1271 meritam
488 1221 558 1262 esse
581 1204 702 1278 sciens,
723 1201 792 1277 ,XI
807 1195 949 1265 cohortes
970 1217 1029 1264 ete.
1072 1203 1206 1268 ,itinere
1218 1199 1399 1280 reliquisset
1413 1212 1446 1259 et
1458 1218 1475 1258 a
1487 1197 1599 1279 legatis
1612 1197 1864 1276 equitatumsibi

250 1290 358 1353 Vrsini
376 1300 488 1346 autem
506 1297 583 1344 nota
601 1285 700 1346 haece
727 1288 808 1362 „Ita
825 1281 1031 1348 hiclocusin
1088 1282 1247 1364 praesidio
1260 1279 1349 1344 mitti
1360 1277 1532 1343 adveniens
1542 1283 1696 1342 iussisset.
1737 1281 1866 1342 Tamen

247 1387 332 1440 ineo·
346 1367 456 1430 codice
472 1371 608 1446 scriptus
625 1373 798 1448 reperitur.
817 1373 910 1431 aliter
928 1373 961 1430 iu
973 1370 1030 1432 Al·
1088 1367 1176 1428 nihil.
1192 1366 1312 1442 obstat,
1351 1385 1413 1446 quo
1431 1369 1540 1447 minus
1561 1363 1624 1446 hos
1639 1368 1724 1444 ipsos
1742 1365 1864 1446 legatos

248 1453 346 1524 (linos
378 1452 434 1514 sed
454 1452 551 1515 male.
565 1457 587 1488 “
642 1453 705 1514 Sed
725 1456 761 1518 in
783 1474 819 1514 ea
837 1456 1030 1514 collectione

249 1551 403 1604 netarum
419 1537 534 1610 lfrsini,
559 1554 656 1614 quam
669 1555 688 1594 a
699 1536 1029 1612 Brantioiactamre·

250 1625 338 1701 cepit
349 1621 619 1702 lungermannus,
632 1619 714 1682 haec
723 1641 791 1682 non
802 1623 934 1704 legitur.
966 1623 1033 1683 οο--

248 1717 359 1766 terum
373 1715 462 1764 recte
474 1703 512 1762 0.
527 1701 560 1760 id
575 1706 725 1766 restituit.
913 1763 915 1767 .

249 1785 536 1866 vt.)sexD12H·
559 1793 672 1856 1—12.
691 1789 730 1848 A.
752 1786 801 1850 XI
821 1795 956 1856 13-16.
971 1788 1028 1850 Ce.

247 1873 331 1934 Dav.
345 1872 394 1931 Cl.
409 1869 497 1930 XVI.
511 1869 607 1938 cive
624 1871 660 1930 B.
675 1872 813 1932 sedecim
825 1891 935 1951 margo
951 1873 1024 1932 Vas.

247 1954 413 2016 sexdecim
423 1954 451 2012 V
462 1956 515 2020 56.
527 1971 587 2012 sex
598 1953 704 2014 addito
719 1955 913 2034 compendio
926 1955 1030 2016 simil·

242 2037 330 2098 ‘limo
342 2036 476 2118 figurae,
503 2053 567 2114 qua
576 2039 730 2098 nonnulli
743 2039 939 2100 Germanice
954 2040 1030 2098 scri·

248 2121 364 2188 bentes
378 2119 416 2178 ck
429 2122 563 2198 pingere
575 2121 761 2202 solentVsss
779 2123 875 2183 sex⁴s
892 2122 1029 2202 Pompe-

249 2205 302 2268 ius
317 2203 393 2279 (hoc
405 2202 562 2279 additum)
577 2205 643 2272 Vl.
687 2203 789 2265 Recte
797 2208 836 2267 O.
850 2225 1029 2266 numerum

249 2285 431 2348 secundum
454 2285 579 2348 codices
604 2290 741 2348 minuit:
779 2292 814 2348 in
842 2292 1026 2364 enerravit,

249 2369 338 2450 quod
349 2369 395 2430 Xl
413 2387 588 2448 operarum
605 2373 682 2430 vitio
701 2374 735 2432 in
747 2373 987 2434 Plautinianam
1000 2391 1027 2432 a.

251 2457 333 2524 1574
350 2455 514 2534 irrepsisse
533 2455 703 2516 arbitratus
718 2468 775 2517 est.
834 2456 920 2536 Quid
944 2455 1030 2536 quod

250 2540 350 2598 etiam
367 2538 503 2599 Vrsinus
519 2539 555 2596 in
573 2537 682 2610 codice
700 2540 789 2600 idern
807 2543 965 2618 reperisse
985 2545 1029 2601 vi-

250 2619 320 2682 deri
336 2632 443 2698 potest
464 2640 505 2680 ex
517 2622 572 2694 eis,
603 2640 685 2701 quae
704 2625 738 2685 in
756 2625 914 2684 lemmate
934 2643 1030 2704 supra

250 2717 507 2776 comme-morato
520 2708 639 2782 posuit.
683 2707 727 2767 Et
739 2707 862 2768 habent
877 2710 1031 2768 nonnulli

247 2787 341 2930 XlZIII
352 2787 439 2866 quod
453 2787 492 2848 ed
504 2787 669 2868 duplicem
682 2791 771 2852 ducit
782 2793 959 2852 lectionem
969 2793 1028 2853 xt.

249 2883 283 2932 ei
344 2913 354 2932 .

249 2954 404 3025 cohortis)
421 2953 470 3014 Ita
491 2951 600 3028 V1¹8.
623 2955 756 3038 Reliqui
773 2957 864 3018 codd.
886 2971 919 3017 et
937 2955 1026 3019 editt.

250 3039 404 3114 cohortes,
418 3037 505 3118 quod
515 3037 658 3101 duorum
669 3045 869 3122 optimorum
878 3041 1027 3102 codicum

1074 1501 1078 1510 .
1090 1470 1189 1530 quarn
1201 1469 1358 1531 magnum
1370 1459 1550 1534 numerum
1570 1450 1719 1530 equitum
1737 1467 1778 1506 ex
1789 1455 1864 1527 pro'·

1074 1536 1191 1613 ,vincia
1206 1533 1532 1594 confectoshabuisse
1546 1544 1735 1614 statuamus.
1756 1531 1865 1610 Atque

1072 1677 1075 1680 .
1091 1638 1132 1678 ex
1146 1619 1308 1696 provincia
1320 1618 1390 1678 illas
1404 1619 1509 1700 copias
1522 1616 1635 1688 fuisse,
1659 1633 1741 1692 quae
1754 1615 1866 1674 Vllam

1088 1703 1314 1776 mitterentur,
1349 1721 1387 1760 eo
1401 1703 1501 1781 magis
1512 1693 1684 1778 probabile
1696 1697 1748 1774 fit,
1779 1695 1866 1777 quod
1927 1723 1938 1739 x

1065 1823 1069 1831 -
1088 1785 1322 1866 provincialem
1341 1787 1385 1844 eis
1402 1783 1573 1866 hominem
1598 1784 1800 1862 praelectum
1819 1785 1865 1840 vi-

1089 1867 1216 1928 demus.

1089 1955 1156 2012 eius
1180 1950 1362 2032 provinciae
1387 1951 1524 2026 notum)
1553 1941 1645 2010 Haec
1667 1951 1764 2031 vulgo
1789 1963 1864 2010 c'urn

1088 2035 1208 2100 Gland.
1219 2037 1408 2120 intelligunt
1420 2033 1460 2094 de
1473 2034 1602 2109 notitia,
1628 2053 1726 2111 quarn
1738 2033 1863 2094 habue-

1087 2123 1146 2195 rit,
1171 2133 1276 2179 terrae
1288 2119 1480 2198 Hispaniae,
1505 2119 1597 2176 cuius
1609 2137 1725 2198 gnarus
1737 2138 1795 2177 seu
1806 2137 1864 2196 pe·
1959 2131 1964 2138 ·

1087 2205 1170 2263 ritus
1181 2205 1291 2263 fuerit.
1309 2202 1423 2286 ,Potest
1434 2205 1579 2262 issemus
1593 2201 1768 2261 verborum
1777 2221 1863 2269 esse5

1087 2281 1145 2346 sed
1159 2281 1866 2380 quumscientiahominissequentibusprae·

1088 2370 1228 2446 dicetur,
1264 2384 1298 2452 et
1315 2374 1412 2432 totius
1432 2371 1616 2450 provinciae
1629 2371 1744 2429 notitia
1755 2372 1866 2430 minus

1089 2467 1162 2536 apte
1174 2454 1208 2515 h.
1223 2455 1246 2516 l.
1261 2455 1511 2514 commemorari
1525 2451 1685 2528 videatur,
1701 2457 1809 2515 nescio
1824 2471 1867 2512 an

1088 2541 1192 2599 verius
1206 2553 1238 2600 et
1257 2538 1436 2617 simplicius
1455 2539 1494 2596 sit
1512 2535 1686 2596 hominem
1705 2541 1771 2598 eius
1790 2551 1866 2616 pro-

1089 2625 1226 2698 vinciae,
1254 2617 1319 2682 hoc
1339 2634 1400 2694 est,
1425 2619 1610 2700 Hispanum
1631 2639 1750 2702 genere
1767 2621 1866 2681 intel·

1086 2708 1204 2787 ligere,
1239 2707 1329 2765 cuius
1348 2723 1472 2790 nomen
1491 2723 1559 2764 non
1583 2703 1774 2780 obscurum,
1809 2704 1865 2763 sed

1086 2803 1206 2850 notum
1225 2800 1257 2848 et
1280 2791 1405 2849 clarum
1427 2789 1514 2871 inter
1536 2790 1746 2866 provinciales
1770 2803 1862 2871 esset.

1088 2875 1141 2935 Sic
1153 2877 1204 2948 35,
1222 2880 1257 2944 3:
1281 2871 1308 2932 is
1319 2885 1386 2934 tota
1397 2865 1570 2931 Lusitania
1582 2874 1767 2932 notissimus
1781 2887 1863 2934 erat.

1087 2959 1157 3018 Afr.
1171 2967 1223 3032 56,
1239 2951 1278 3025 δέ
1300 2955 1494 3016 illustriores
1506 2957 1738 3036 notissimique.

1086 3035 1125 3102 L.
1145 3035 1281 3101 Iunium
1304 3033 1512 3120 Paciaecum)
1530 3039 1568 3119 Q.
1593 3035 1680 3100 Iunii
1699 3039 1866 3102 cuiusdam

1087 3125 1226 3203 Hispani
1238 3126 1363 3183 mentio
1376 3123 1415 3182 fit
1428 3117 1514 3184 Gall.
1527 3115 1566 3196 V,
1582 3131 1634 3198 27,
1652 3144 1750 3204 quem
1763 3125 1865 3186 Aldus

1086 3207 1171 3286 Nep.
1186 3209 1315 3268 coniicit
1328 3207 1624 3268 eiusdemfamiliae
1638 3209 1747 3269 fuisse.
1769 3209 1864 3268 Prae-

248 3122 441 3184 auctoritate
453 3135 581 3184 mutare
593 3144 661 3186 non
673 3125 827 3188 dubitavi.

248 3205 389 3266 secunda
401 3208 521 3285 vigilia)
534 3208 591 3276 D1
606 3223 746 3270 correcta
760 3211 871 3271 habet.

247 3290 404 3370 pari)1ta
429 3289 729 3360 PSL1D1²V1H.
755 3295 894 3372 parique
911 3291 1029 3370 reliqui
1067 3310 1212 3366 unomen
1226 3289 1259 3350 h.
1276 3290 1300 3350 l.
1314 3287 1423 3350 om.P.
1438 3303 1561 3350 etcum
1575 3289 1713 3358 lanD2.
1729 3291 1865 3364 Iunium

247 3371 341 3432 oodd.
365 3385 398 3432 et
418 3370 491 3434 edd.
534 3375 800 3454 Saepenumero
823 3376 970 3436 enclitica
996 3387 1029 3433 et
1088 3367 1245 3437 editiones
1259 3371 1594 3434 o'rnneshabentante
1612 3370 1777 3454 Lipsium,
1809 3378 1865 3454 qui

249 3455 385 3518 omnino
398 3457 514 3536 copula
524 3460 560 3518 in
571 3457 636 3520 hoc
647 3459 733 3521 libro
746 3459 927 3518 secundum
940 3457 1027 3518 eodi·
1084 3463 1211 3538 primus
1225 3455 1314 3517 dedit
1325 3453 1460 3532 Iulium,
1485 3455 1571 3536 quod
1584 3459 1736 3536 usquead
1752 3459 1790 3518 Ο.
1804 3459 1863 3522 ob-

249 3558 302 3600 ces
318 3537 455 3599 delenda
469 3555 526 3600 est.
561 3543 680 3604 Sensus
693 3545 867 3604 verborum
880 3545 1026 3621 ipsorum
1083 3543 1196 3615 tinuit,
1225 3541 1359 3602 fortasse
1387 3544 1462 3622 quia
1485 3543 1672 3621 opinaretur
1697 3535 1864 3624 Hispanae

249 3624 409 3684 obscurus·
421 3642 490 3683 non
507 3637 570 3700 est,
590 3625 741 3698 ,totidem
760 3628 883 3706 equites
902 3627 1025 3686 misisse
1085 3628 1217 3708 originis
1234 3626 1407 3687 hominem
1426 3626 1567 3686 Caesaris
1584 3623 1745 3686 beneficio
1758 3630 1864 3687 civem

249 3707 431 3782 Gaesarem,
446 3707 1023 3787 quotpeditesessentincohortibus,
1075 3711 1208 3770 ‘iactum
1227 3707 1373 3771 eiusdem
1395 3729 1519 3768 nomen
1541 3710 1710 3788 accepisse.
1767 3711 1863 3772 Certe

247 3808 359 3869 neque
379 3791 560 3872 ellipticum
573 3791 638 3856 hoc
654 3812 755 3875 genus
778 3794 934 3872 loquendi
948 3813 1024 3854 cum
1083 3793 1284 3874 Mongeltius
1296 3792 1335 3854 ad
1348 3793 1416 3856 Cic.
1429 3795 1496 3854 Art.
1511 3791 1586 3864 XII,
1600 3801 1622 3859 2
1639 3793 1764 3853 Iulium
1784 3815 1863 3856 eum

250 3879 289 3941 Ο.
304 3873 459 3950 dixerim,
484 3895 587 3956 quum
598 3878 748 3938 additum
759 3897 881 3938 nornen
902 3879 1026 3957 equites
1081 3871 1288 3938 ideorlictum
1302 3873 1389 3938 dicit.
1426 3875 1541 3936 sedo.
1555 3875 1653 3934 falsus
1666 3876 1700 3935 in
1715 3898 1764 3956 eo,
1775 3877 1862 3959 quod

250 3955 405 4031 ostendat,
423 3959 539 4039 quibus
551 3979 778 4038 paruumerus
791 3963 1024 4040 eorumiuerit.
1085 3979 1260 4040 operarum
1291 3962 1366 4020 vitio
1390 3955 1425 4018 in
1454 3957 1692 4040 Scaligeranarn
1714 3968 1862 4042 primum

249 4041 363 4121 Itaque
375 4041 532 4104 hactenus
545 4063 613 4104 non
625 4059 708 4123 erat,
733 4046 819 4126 quod
838 4047 1026 4106 Ciacconius
1084 4047 1207 4104 venisse
1220 4039 1346 4104 Iulium
1356 4039 1591 4122 suspicabatur,
1617 4056 1705 4104 recte
1723 4050 1863 4108 restituit

251 4138 308 4186 aut
325 4137 452 4186 turmas
471 4127 617 4208 equitu'm
632 4131 854 4209 proequites,
879 4141 936 4188 aut
951 4127 1024 4188 DC.
1083 4127 1222 4189 Iunium
1233 4145 1341 4208 neque
1353 4147 1394 4187 ert
1405 4129 1468 4186 suis
1475 4121 1565 4187 libris
1575 4131 1762 4192 varietatem
1769 4143 1861 4212 nota-

250 4210 376 4289 pedites
383 4228 443 4290 pro
461 4209 516 4270 VI.
531 4204 1024 4294 cohortislegendffmstatueret
1083 4214 1139 4272 vit.
1185 4209 1249 4278 ¹En
1264 4209 1346 4270 meis
1363 4225 1447 4271 unus
1464 4211 1504 4270 G.
1521 4224 1552 4270 et
1569 4211 1769 4274 fortasssGu
1791 4217 1860 4284 Vri.

251 4291 316 4353 sea
325 4295 394 4370 ipsa
403 4314 453 4354 res
465 4295 519 4368 vix
531 4295 692 4358 credibilis
707 4295 841 4374 videtur,
855 4295 1027 4357 Caesarem
1085 4293 1220 4354 Iunium
1234 4291 1407 4368 exhibent,
1430 4289 1547 4373 reliqui
1560 4297 1605 4354 ita
1618 4301 1759 4376 eorrupti
1773 4313 1857 4372 sunt,

251 4373 371 4439 MMD.
383 4379 565 4460 etamplius
578 4382 701 4462 equites
712 4382 853 4460 misisse,
879 4384 935 4460 qui
946 4393 1026 4442 teste
1084 4391 1121 4439 ut
1135 4397 1250 4444 verum
1259 4395 1328 4472 nqn
1339 4378 1436 4466 nimis
1450 4378 1774 4468 obscurentrniuium
1786 4381 1816 4442 D
1829 4395 1857 4454 1.
