4506 5396
185 399 208 465 Ι8

186 599 320 670 reficti.
346 601 400 670 Ea
417 601 586 672 editione
597 583 687 696 post
700 599 821 672 Mich.
837 590 999 670 Brutum
1013 623 1127 674 nemo
1140 606 1396 698 interpretum
1415 585 1506 675 usus
1520 598 1688 678 videtur:
1705 623 1840 678 omnes

185 718 316 811 paucis
330 707 413 791 illis
424 711 653 794 lectionibus
667 719 1029 832 contentifuerunt,
1056 745 1147 814 quas
1162 727 1300 794 Brutus
1322 724 1368 795 ad
1386 713 1529 798 calcem
1546 720 1736 795 editionis
1753 723 1840 795 Aldi

187 837 344 929 Nepotis
361 863 392 908 a
411 839 514 916 1566
524 862 568 908 ex
581 863 623 909 ea
636 855 826 932 excerptas
843 825 995 909 dederat
1001 865 1136 935 ,quae
1151 843 1384 915 desiderium
1405 835 1591 914 debebant
1606 845 1841 958 reliquarum

187 955 403 1028 incendere.
457 958 754 1054 Oudendorpius
773 958 929 1056 quidem
949 975 1105 1032 tantum
1125 947 1246 1074 abest,
1289 973 1334 1032 ιιι
1356 959 1505 1076 praeter
1530 958 1616 1030 illas
1634 962 1843 1054 quicquam

186 1073 278 1143 inde
296 1067 385 1144 boni
402 1075 633 1169 derivaverit,
649 1093 693 1148 ut
709 1101 866 1169 annum,
893 1103 969 1172 quo
983 1077 1138 1173 prodiit,
1166 1079 1397 1192 ignoraverit
1411 1083 1450 1151 et
1461 1069 1697 1151 coniectura
1694 1103 1778 1151 earn
1794 1081 1839 1150 ad

188 1193 334 1268 111512
349 1217 391 1263 ve
392 1195 524 1270 11514
547 1197 752 1268 retulerit.¹
793 1199 922 1290 Atqui
934 1198 998 1268 hic
1015 1213 1183 1290 exparte
1202 1185 1352 1268 fundus
1369 1214 1426 1270 est
1444 1201 1619 1295 vulgatae
1639 1191 1839 1304 lectionis3

187 1333 278 1380 tram
293 1313 366 1382 hoc
377 1313 422 1384 de
436 1315 544 1386 fonte
559 1317 748 1388 Iohannes
765 1317 978 1409 iucundus,
1006 1315 1165 1386 Aldinae
1178 1315 1410 1388 recensionis
1424 1309 1572 1413 auctor,
1599 1332 1840 1411 partemsua·

184 1415 602 1505 ruirr‘emendationum
619 1436 760 1506 hausit.
822 1435 898 1528 Qui
919 1436 988 1506 ubi
1009 1435 1054 1505 ab
1073 1457 1116 1504 ea
1138 1435 1314 1526 discedit,
1336 1423 1547 1506 fvel'rninus
1561 1435 1682 1505 bonae
1696 1432 1838 1512 indolis

185 1549 351 1640 codices,
384 1575 615 1647 quaruquam
635 1575 715 1622 ιιοιι
738 1551 979 1648 deterrimos,
1014 1555 1202 1624 velsuum
1216 1553 1425 1647 iudicium,
1453 1555 1514 1623 vel
1529 1553 1698 1626 virorum
1714 1555 1839 1625 docto·

184 1672 464 1742 rumVenetiis
490 1689 576 1744 turn
596 1649 675 1743 una
702 1653 922 1742 viventium¹
945 1672 1179 1764 coniecturas
1202 1673 1387 1764 sequitur.
1453 1673 1573 1761 Haec,
1597 1661 1658 1740 'ut
1675 1669 1840 1743 breviter
1892 1663 1898 1667 ”

185 1787 329 1872 dicam,
356 1769 530 1886 vulgatae
545 1805 633 1863 ante
648 1791 961 1885 Oudendorpium
977 1789 1155 1866 lectionis
1169 1792 1297 1888 origo,
1323 1794 1417 1861 haec
1430 1789 1635 1860 auctoritas
1649 1807 1717 1884 est,
1733 1791 1838 1862 varia

184 1905 364 1977 videlicet
378 1925 415 1979 et
433 1911 680 1984 diversissimi
695 1910 820 2004 pretii,
836 1894 944 2002 quod
951 1909 1243 2002 Oudendorpius
1258 1923 1361 1980 recte
1374 1908 1572 1978 aestimare
1585 1931 1666 1979 non
1675 1923 1837 2003 poterat,

187 2026 277 2112 quia
291 2029 330 2097 et
342 2027 562 2100 Florentino
577 2029 746 2102 editione
760 2031 907 2099 carebat
920 2045 959 2100 et
970 2054 1019 2100 ne
1032 2028 1210 2098 Aldinam
1225 2028 1382 2121 quidem
1397 2049 1492 2155 eam,
1519 2049 1616 2119 quae
1630 2026 1755 2144 prima
1767 2043 1837 2118 est,
1873 2053 1875 2060 ’

185 2163 215 2208 a.
226 2143 347 2240 1111,
363 2144 536 2218 habebat.
580 2151 721 2240 Itaque
734 2169 817 2215 non
830 2147 1019 2216 l1cebate1
1035 2147 1210 2218 codicum
1225 2147 1397 2242 vest1g1a,
1425 2167 1518 2236 quos
1532 2159 1836 2238 utraquesecuta
1932 2147 1946 2152 ”

183 2275 298 2352 esset,
331 2263 433 2332 inter
454 2285 541 2333 suos
561 2266 841 2360 deprehendere
860 2281 898 2334 et
916 2251 1129 2336 secundum
1152 2289 1214 2336 eos
1235 2266 1281 2336 de
1297 2281 1456 2356 utraque
1469 2277 1645 2334 statuere.
1662 2264 1837 2358 Quam·

183 2403 296 2470 quam
313 2381 464 2450 etiamsi
478 2383 650 2475 penitius
668 2378 840 2482 cognitas
854 2407 912 2453 eas
927 2383 1139 2476 habuisset,
1167 2385 1293 2455 fontes
1314 2371 1445 2454 earum
1459 2371 1636 2475 persequi
1655 2381 1700 2450 in
1712 2397 1837 2474 poste·

181 2500 344 2570 rioribus
365 2501 522 2592 quidem
546 2504 843 2576 Commentariis
862 2485 1060 2596 propterea
1078 2503 1206 2574 minus
1225 2505 1434 2596 potuisset,
1468 2501 1568 2594 quod
1589 2500 1735 2572 codices
1758 2491 1836 2594 ipsi

183 2641 272 2688 eum
287 2619 384 2688 hac·
374 2644 416 2690 ιιι
431 2636 540 2712 parte
538 2622 822 2701 destituebant
880 2621 1037 2694 Scilicet
1058 2623 1263 2692 Vossianus
1278 2621 1468 2692 secundus
1481 2643 1584 2692 unus
1595 2627 1632 2691 ‘er
1619 2619 1772 2690 aderat
1788 2641 1835 2688 ex

183 2750 321 2832 genere
334 2759 415 2826 eo,·
441 2739 506 2842 cui
527 2738 749 2813 Florentino
771 2738 889 2810 editio
907 2740 1083 2848 debetur,
1122 2744 1230 2832 isque
1249 2740 1341 2808 inde
1359 2742 1404 2808 ab
1424 2739 1502 2807 Afr.
1519 2739 1585 2811 35
1581 2723 1668 2806 lum
1688 2737 1835 2808 recenti

181 2835 478 2950 manuscriptus
495 2873 565 2947 est,
591 2877 638 2929 ut
655 2862 747 2932 eius·
754 2861 943 2930 rationem
958 2843 1422 2953 haberioperaepretium
1437 2856 1695 2926 nonduxerit
1748 2855 1833 2926 Lei-

181 2976 307 3046 densis
331 2991 460 3046 autem
478 2957 696 3069 secundus,
719 2980 808 3070 quia
832 2977 928 3046 item
954 2963 1055 3046 unus
1077 2992 1156 3046 erat
1173 2978 1345 3047 familiae
1366 2976 1435 3045 1111
1447 2963 1723 3106 adscriptus,
1718 2997 1835 3065 quam

181 3097 371 3165 Iohannes
386 3075 599 3170 Iucundus
605 3121 634 3164 a
648 3077 870 3169 Florentina
892 3079 1087 3170 discedens
1108 3096 1219 3186 'sequi
1234 3098 1349 3187 solet,
1378 3093 1540 3188 (Regius
1553 3083 1662 3160 enim
1678 3090 1834 3182 Clarkii,

181 3237 249 3304 qur
238 3212 431 3285 eiusdem
446 3215 595 3318 generis
612 3231 686 3308 est,
720 3237 856 3324 parum
875 3229 1051 3284 accurate
1069 3199 1232 3284 collatus
1255 3231 1312 3328 est
1333 3239 1354 3285 a
1365 3210 1557 3296 Clarltio)¹
1576 3209 1621 3278 ob
1645 3199 1834 3301 idipsum

173 3347 301 3402 instar
316 3334 502 3404 farmlrae
507 3332 639 3404 haberi
662 3335 706 3404 ab
723 3344 772 3404 eo
790 3335 869 3414 non
888 3331 1009 3428 magis
1019 3321 1182 3440 potuit,
1213 3315 1327 3443 quarn
1322 3315 1561 3402 Vossianus.
1618 3327 1685 3396 Ex
1690 3349 1733 3396 ea
1745 3349 1832 3398 vero

180 3455 314 3541 classe,
357 3476 453 3544 quae
477 3453 622 3556 potu'lit
644 3431 844 3530 editiones
853 3454 942 3521 ante
960 3433 1272 3542 Florentinum,
1268 3435 1446 3520 nullutn
1457 3433 1640 3517 codicem
1654 3446 1833 3529 habebat

183 3572 362 3664 Denique
380 3595 472 3664 quos
485 3574 717 3641 Vascosanus
733 3586 772 3642 et
789 3571 883 3642 Rob.
902 3565 1116 3664 Stephanus
1132 3567 1254 3639 secuti
1269 3577 1395 3640 essent
1408 3567 1525 3637 libros
1541 3566 1831 3658 manuscriptos,

181 3691 524 3786 ob··1gnorationem
537 3665 697 3762 Aldinae
711 3695 802 3770 eum*
816 3674 1016 3802 fugiebat.
1054 3689 1149 3760 Hi
1125 3687 1229 3758 enim
1243 3686 1369 3758 sicubi
1380 3669 1593 3757 Iohannem
1610 3683 1830 3758 Iucundum

173 3809 313 3878 ¹minus
326 3826 428 3881 recte
444 3811 553 3881 esuis
567 3787 761 3879 codicibus
776 3808 821 3878 ad
835 3811 1002 3878 alterurn-
1015 3829 1135 3902 genus
1154 3807 1270 3890 velud
1281 3807 1423 3900 primas
1436 3803 1624 3873 editiones
1635 3791 1831 3876 deflexisse

172 3945 424 4020 censerent,
420 3929 583 4000 eosdem
604 3927 715 4034 illos,
746 3928 870 4019 qualis
891 3911 949 3999 est
966 3926 1167 3997 Leidensis
1179 3923 1402 4013 secundus,
1419 3922 1631 4016 exprimere
1631 3909 1832 4012 solebant,

179 4047 338 4139 quodsi
364 4027 679 4172 Oudendorpius·
674 4048 958 4152 intellexisset,
1005 4047 1108 4168 haud
1133 4047 1264 4140 paullo
1285 4043 1416 4112 minus
1443 4039 1645 4178 Vascosani
1666 4039 1830 4112 editioni

179 4163 412 4274 tribuisset*
744 4173 747 4182 ’
1598 4169 1601 4178 ’

174 4311 177 4316 ’
281 4285 473 4358 Sedenim
492 4285 584 4392 iam
589 4287 657 4358 diu
675 4263 844 4358 invitus
841 4285 916 4357 viri
933 4285 1077 4380 egregii
1099 4284 1245 4354 meritis
1232 4229 1309 4352 de
1320 4267 1385 4351 liis
1394 4279 1648 4388 scriptoribus
1662 4277 1829 4367 detraho,

178 4424 274 4493 quae
286 4424 357 4498 ego
376 4405 544 4480 maxima
564 4385 603 4480 et
629 4407 750 4479 nullis
772 4405 1012 4505 superiorum
1028 4419 1095 4474 aut
1106 4387 1361 4502 posteriorum
1376 4399 1566 4470 editorum
1580 4381 1830 4490 comparanda
