4506 5396
1853 398 1878 469 δ

222 604 368 698 scripta
389 600 582 694 Spohnius
601 599 656 670 ita
674 597 1016 689 interpretabatur,
1051 609 1095 667 ut
1117 594 1384 668 Fabricianum
1405 597 1615 688 exemplar,
1648 593 1758 666 cuins
1771 617 1879 678 men·

220 725 370 797 tionem
391 722 435 792 in
451 721 548 794 Bibl.
563 719 646 788 Lat.
663 717 708 792 T.
724 717 770 787 11.
792 737 831 806 p.
850 719 923 792 194
944 715 1136 786 Fabricius
1150 715 1261 807 facit,
1286 715 1419 786 abhoc
1435 716 1481 784 ad
1495 713 1687 805 Curtium,
1714 738 1735 784 a
1749 716 1878 788 Cottio

220 842 269 916 ad
281 837 505 912 Ernestium
519 835 670 908 venisse
682 851 796 927 atque
812 835 885 908 hoc
901 835 1030 928 ipsum
1050 857 1130 904 esse
1151 843 1345 904 statueret.
1403 833 1514 927 Quod
1526 854 1646 925 quum
1657 833 1798 904 falsum
1814 835 1878 925 sit,

221 983 354 1032 sensus
368 959 529 1030 illorum
541 956 742 1026 verborum
757 953 823 1023 hic
835 954 1005 1026 videtur:
1033 954 1254 1044 exemplum
1270 951 1424 1043 aliquod
1444 975 1490 1022 ex
1503 951 1722 1022 Fabriciano
1738 953 1879 1024 deriva-

219 1095 308 1150 tum
320 1091 360 1148 et
374 1097 590 1171 possessum
604 1098 625 1144 a
641 1070 771 1144 Cortio
786 1093 833 1142 ax
846 1071 1212 1144 huiusbibliotheca
1224 1071 1494 1164 pervenissead
1508 1069 1642 1161 alium,
1657 1070 1880 1165 quamsigla

221 1203 378 1269 tanturn
393 1207 590 1265 notaverat
609 1189 827 1281 Ernestius,
855 1203 895 1260 et
911 1190 1180 1279 collationem,
1204 1212 1301 1280 quae
1315 1189 1435 1260 fuerit
1449 1189 1492 1258 in
1504 1171 1589 1280 illo,
1616 1188 1709 1276 huic
1722 1211 1801 1257 esse
1819 1188 1881 1258 ad-

223 1312 418 1406 scriptam·
472 1313 556 1382 Iam
566 1309 840 1383 'veroCortium
854 1308 963 1380 illius
979 1308 1197 1379 collationis
1212 1333 1234 1378 e
1246 1308 1467 1379 Fabriciano
1484 1307 1672 1377 derivatae
1686 1321 1881 1376 auctorem

224 1452 306 1506 asse
322 1419 1271 1525 exquibusdamadnotationibuscolligitur,quae
1286 1428 1330 1496 ab
1347 1426 1537 1496 alionisia
1553 1426 1682 1496 Cortio
1691 1426 1880 1518 profectae

224 1553 528 1640 ease'nequeunt.
580 1547 639 1616 Ad
653 1545 751 1618 Gall.
768 1547 798 1616 Ι.
812 1547 847 1634 4,
862 1551 888 1620 2
901 1544 1077 1616 Davisius
1096 1545 1305 1616 lectionem
1322 1544 1461 1616 codicis
1477 1539 1719 1614 Norv'icensis
1742 1566 1881 1612 omnem

223 1668 285 1737 sui
288 1665 491 1759 familiam
501 1663 730 1734 inusitatam
742 1663 910 1756 quidem,
926 1663 992 1732 sed
1005 1679 1147 1734 rectam
1162 1665 1330 1758 profecto
1343 1661 1526 1755 loquendi
1539 1661 1728 1731 rationem
1744 1662 1881 1731 habere

225 1783 346 1858 Gellii
357 1767 582 1854 testimonio
595 1783 807 1856 confirmat.
866 1780 1028 1870 Adsum
1049 1785 1179 1853 locum
1194 1782 1245 1851 'in
1264 1796 1394 1853 nostro
1408 1781 1587 1876 margine
1603 1779 1792 1872 scriptum
1805 1793 1881 1850 ests

225 1951 249 1998 ,‚
256 1903 380 1974 immo
393 1915 452 1974 est
461 1902 665 1982 recentior.
683 1901 726 1970 V.
748 1901 794 1972 ad
808 1901 952 1970 Lucan.
967 1899 1067 1972 ΙΧ.“
1123 1902 1206 1971 Hoc
1218 1923 1299 1971 non
1315 1900 1539 1971 Cottianum
1554 1923 1634 1971 esse
1646 1920 1761 1969 nemo
1774 1912 1883 1991 puta·

224 2023 301 2115 hit,
336 2021 405 2114 qui
425 2021 565 2120 legerit
581 2021 664 2091 eius
679 2031 811 2092 notam
831 2018 877 2088 ad
897 1997 1040 2090 Lucan.
1065 2021 1186 2110 VIIII,
1207 2025 1277 2103 28²
1316 2018 1514 2113 „Quidam
1536 2039 1672 2088 caussa
1698 2068 1707 2084 .
1737 2068 1745 2084 .
1772 2067 1782 2085 .
1811 2020 1880 2101 sui,

225 2153 344 2234 prout
355 2139 519 2210 deterior
531 2149 631 2209 'aetas
645 2137 881 2227 loquebatur.
891 2135 930 2186 “n
978 2136 1136 2208 Scilicet
1154 2139 1198 2206 in
1218 2137 1510 2227 commentario,
1554 2140 1671 2226 quem
1683 2157 1884 2226 nunquam

209 2307 212 2312 -
227 2255 360 2349 edidit,
387 2254 543 2342 uberius
558 2253 741 2326 haedere
759 2255 1023 2348 disputaturus·
1034 2271 1124 2348 erat,
1135 2241 1139 2244 ⁸
1150 2257 1313 2350 ideoque
1323 2255 1469 2328 librum
1479 2269 1646 2345 tantum,
1674 2276 1754 2323 non
1767 2254 1886 2326 etiarn

226 2395 397 2469 versum,
423 2373 567 2446 citatit.
617 2372 944 2469 Lucanignarum
957 2381 1068 2468 porro
1082 2367 1262 2469 ostendit,
1290 2377 1389 2469 quod
1402 2373 1666 2446 adlectionem
1687 2375 1882 2458 Germano,

228 2512 326 2586 quae
348 2494 436 2588 1111.
458 2499 518 2585 16,
540 2499 560 2568 1
582 2490 984 2564 codicis-Lovaniensis
998 2510 1056 2564 est
1077 2518 1145 2589 pro
1165 2497 1405 2582 Germanice,
1441 2493 1598 2564 allitun't
1617 2490 1763 2586 legitur
1779 2493 1886 2583 „Lu-

230 2633 315 2688 can.
332 2611 415 2684 VII.
431 2611 542 2686 4351ι
556 2633 631 2702 quo
646 2612 729 2681 loco
745 2610 899 2681 libertas
917 2611 1060 2683 dicitur
1074 2615 1310 2685 Germanum
1325 2611 1774 2706 Scythiumquebonum.
1799 2611 1885 2680 Non

225 2719 365 2808 'minus
379 2729 424 2800 in
440 2727 616 2798 Cortium
631 2726 805 2820 quadrat,
840 2730 941 2821 quod
956 2747 1069 2802 notae
1082 2733 1206 2803 Vossii
1231 2733 1277 2803 ad
1291 2735 1319 2802 Ι.
1335 2735 1395 2824 40,
1415 2739 1462 2806 10
1478 2729 1677 2824 appictum
1693 2743 1749 2797 est
1760 2732 1824 2820 „vi
1839 2728 1885 2798 ad

230 2848 330 2922 Plin-
341 2853 387 2940 ·7.⁴
409 2859 468 2939 e'p.
486 2845 610 2920 1111.ια
631 2845 730 2915 etad
745 2847 965 2918 varietatem
981 2848 1025 2920 in
1037 2849 1150 2920 verbo
1163 2851 1343 2920 accersiri
1357 2853 1398 2920 V.
1418 2853 1476 2941 11,
1490 2855 1513 2924 3
1527 2851 1600 2940 „V.
1616 2849 1663 2919 ad
1677 2848 1764 2916 Sall.
1778 2847 1886 2944 Iug.“

229 2966 376 3062 omisso
390 2961 594 3060 utrobique
607 2963 915 3050 nominaCortii.
943 2967 1053 3062 Quod
1066 2971 1220 3040 tandem
1234 2991 1416 3061 apparens
1435 2970 1480 3038 ad
1495 2971 1536 3038 V.
1545 2970 1642 3059 42,4
1657 2966 1737 3058 „Ex
1752 2967 1884 3036 Orosio

231 3084 395 3180 emendo
406 3081 654 3175 minushoris
668 3081 790 3152 tribus
801 3086 946 3155 uallum
960 3088 1104 3186 pedum
1119 3088 1153 3156 X
1165 3088 1337 3157 millium
1346 3109 1528 3179 passuum
1541 3085 1618 3156 XV.
1630 3083 1902 3160 incircuitum,

232 3219 303 3282 etc·
320 3204 426 3275 Kort.
435 3201 459 3241 “
477 3222 561 3294 rem
575 3208 680 3271 extia
694 3201 976 3283 dubitationem
990 3204 1115 3296 ponit.
1174 3204 1245 3274 Sed
1258 3220 1389 3275 tamen
1403 3229 1484 3275 non
1497 3203 1618 3295 ipsius
1633 3200 1754 3271 Cortii
1766 3225 1885 3271 manu

230 3321 456 3413 exemplum
478 3334 654 3396 nostrum
674 3320 750 3390 isto
772 3335 956 3413 apparatu
978 3321 1270 3394 instructumut
1286 3324 1452 3414 credam,
1480 3320 1682 3391 nonnullis
1697 3319 1885 3392 erroribus

233 3435 397 3510 adducor
411 3437 539 3540 Curtio
555 3437 746 3534 indignis,
773 3438 879 3508 velut
892 3440 1077 3532 „Lipsius
1091 3439 1267 3510 Poliore“‘
1280 3465 1316 3533 p·
1330 3445 1378 3516 91
1393 3442 1439 3512 ad
1451 3443 1499 3512 II.
1515 3447 1575 3532 30,
1590 3446 1614 3522 3
1630 3454 1668 3511 et
1683 3442 1728 3512 'ad
1742 3443 1886 3524 calcent

177 3653 179 3656 Ι
232 3541 443 3648 uoluminis
457 3555 594 3648 prioris
607 3554 919 3658 inexplicatione
930 3559 1115 3654 siglarum
1128 3558 1434 3648 „Terentianum
1445 3560 1470 3600 “
1485 3583 1553 3654 pro
1574 3562 1884 3652 Torrentiannm,

236 3687 274 3744 et
287 3695 382 3763 quae
393 3675 470 3744 alia
483 3691 565 3744 esse
584 3675 712 3744 solent
727 3673 872 3764 indicia
893 3675 1037 3744 scribae
1058 3675 1256 3770 diligentis
1274 3677 1448 3770 quidem,
1481 3678 1546 3747 sed
1566 3679 1723 3749 indocti.
1783 3683 1886 3772 Quae

235 3813 358 3884 quum
375 3793 431 3864 ita
442 3793 534 3886 sint,
551 3793 623 3864 ubi
633 3791 831 3864 diversaet
846 3794 1031 3864 contraria
1044 3794 1090 3863 de
1103 3794 1241 3864 iisdem
1253 3795 1363 3864 rebus
1379 3795 1527 3864 Curtius
1543 3811 1581 3866 et
1594 3794 1886 3890 Oudendorpius

237 3911 461 4004 ostendant,
484 3935 572 3982 non
588 3913 717 4005 prius,
749 3913 831 3984 utri
846 3910 938 3980 fides
958 3913 1141 4004 habenda,
1171 3913 1322 3982 decerni
1343 3911 1452 4004 posse
1470 3927 1582 4004 puto,
1615 3936 1730 4005 quam
1748 3915 1886 3986 consti·

236 4011 347 4119 terit,
379 4029 519 4120 quibus
536 4031 691 4100 auxiliis
710 4031 839 4104 Cottio
859 4052 905 4099 ex
920 4030 1087 4100 confusis
1108 4030 1321 4101 Fabriciani
1347 4025 1574 4122 exemplaris
1598 4033 1699 4102 notis
1726 4033 1883 4126 aliquid,

239 4147 341 4238 quod
353 4146 625 4244 Oudendorpio
636 4149 809 4242 quamvis
825 4149 1185 4220 Drakenborchiano
1199 4149 1356 4240 insuper
1368 4151 1585 4244 apographo
1602 4151 1682 4222 eius
1697 4152 1884 4222 instructo

240 4266 485 4360 nonlioeret,
520 4290 649 4339 eruere
665 4267 884 4363 contigerit.
940 4271 987 4339 In
999 4268 1234 4338 aestimanda
1249 4282 1377 4338 autem
1390 4267 1653 4362 Oudendorpii
1666 4271 1739 4340 fide
1752 4272 1824 4340 hoc
1838 4265 1885 4340 s'i‘-

241 4385 328 4460 mul
346 4387 621 4482 reputandum,
656 4385 778 4460 Curtii
796 4367 998 4473 ‘oraturum‘
1016 4388 1174 4460 fortasse
1194 4407 1273 4462 non
1292 4386 1434 4479 ubique
1452 4386 1618 4458 fideliter
1634 4388 1753 4460 huius
1765 4412 1884 4464 manu

1423 4516 1467 4599 1*
