4506 5396
589 381 666 440 gy
771 347 1164 428 nitarque„
1851 341 1903 416 27

201 548 349 650 Quum
371 541 428 634 otl
448 560 618 654 portam
640 522 1083 654 appropinquassent,
1129 539 1255 654 signo
1287 529 1386 622 duo
1415 537 1468 620 ab
1493 530 1723 646 oppidanis
1750 553 1852 620 sunt
1881 575 1905 645 8

199 659 398 780 recepti„
419 675 462 741 et
475 655 663 770 pedites,
694 659 863 768 equites
883 653 1072 743 clamore
1092 651 1221 756 faeta,
1254 649 1473 764 dispositis
1490 653 1650 762 partim
1666 650 1744 752 ihi,
1768 651 1852 762 qui

243 911 466 990 atnam-did·
487 920 507 966 ’.
532 922 541 960 ι’
599 959 604 972 ,
654 945 669 960 ,‚
714 880 766 970 :s
962 937 965 946 ·
1041 903 1151 967 ,dam
1164 898 1400 970 mutationibus
1412 900 1750 984 secundumoptimos
1762 899 1878 960 iactis·

199 1011 220 1070 8
243 1008 276 1054 et
290 992 666 1072 poditearremanserunt)
684 992 732 1054 ita
750 987 852 1059 D1²V
866 999 896 1060 2.
920 1003 950 1050 et
961 1008 1017 1070 pe·
1075 988 1276 1066 acquiescere
1294 989 1494 1051 tutissimum
1511 989 1635 1066 putavi,
1670 986 1729 1044 etsi
1750 983 1852 1048 iidem

240 1079 325 1138 dites
337 1075 524 1156 equitesque
539 1075 776 1159 clamorefacto
795 1075 960 1154 dispositis
974 1073 1021 1132 ibi

240 1155 363 1243 partim
376 1159 433 1238 qui
443 1175 627 1220 remansere
645 1167 760 1228 7-16.
783 1171 816 1219 et
833 1169 1019 1238 sequentes,

242 1258 274 1310 et
286 1241 412 1324 pedites
418 1241 542 1320 equites
556 1242 686 1326 rioms
700 1243 864 1322 dispositis
877 1241 922 1302 ibi
932 1261 1016 1322 par-

240 1330 299 1390 tim
310 1342 495 1392 remansere
506 1325 538 1386 S.
559 1337 590 1386 et
600 1328 726 1406 pedites
739 1327 863 1406 equites
880 1323 1013 1408 clamf.

241 1407 406 1498 dispositis
423 1409 551 1492 ‚partim
568 1408 613 1472 ibi
635 1423 863 1474 remanserunt
889 1409 1014 1491 equites

1075 1073 1191 1150 optimi
1204 1085 1317 1132 etvero
1326 1071 1657 1151 etiamreliquimagis
1668 1067 1852 1146 discrepans

1072 1167 1121 1216 tes
1140 1152 1262 1234 aliquid
1279 1163 1446 1234 praeterea
1469 1153 1664 1214 mutandum
1687 1153 1758 1211 fere
1776 1170 1851 1231 per·

1071 1238 1217 1300 suadent.
1240 1239 1370 1300 Scilicet
1380 1238 1407 1298 L
1417 1248 1432 1306 1
1444 1239 1470 1298 V
1481 1247 1531 1306 18.
1545 1238 1640 1298 verba
1649 1237 1772 1320 equites
1785 1235 1852 1295 cia·

1072 1321 1261 1406 montfarto
1273 1323 1321 1382 bis
1335 1321 1477 1396 habent,
1501 1335 1596 1400 atque
1611 1325 1709 1382 etiam
1726 1319 1750 1378 ii
1756 1333 1765 1394 3
1795 1320 1851 1398 qui
1933 1367 1937 1376 .

1070 1407 1256 1488 prioriloco
1268 1419 1359 1468 noete
1371 1408 1430 1472 sed
1440 1425 1499 1484 pro
1521 1403 1760 1486 ciamarefacto
1775 1405 1853 1461 scri-

241 1489 523 1580 superapparuit
531 1501 558 1562 1».
571 1494 607 1554 in
621 1513 688 1574 quo·
698 1507 824 1574 septam
835 1493 1014 1574 posteriora
1070 1507 1179 1571 psera,
1208 1489 1359 1551 videntur
1375 1491 1421 1573 ibi
1441 1490 1523 1550 haec
1542 1489 1656 1550 eadem
1677 1485 1772 1546 verba
1792 1485 1848 1564 (ei.
1885 1518 1887 1524 .

235 1577 623 1658 inimapagiuuamanu
634 1581 739 1658 prima
751 1579 859 1638 addita
874 1589 967 1637 sunt..
982 1588 1014 1636 et
1058 1575 1114 1656 s.)
1131 1575 1287 1652 reperisse
1317 1586 1365 1648 et,
1401 1576 1475 1654 quia
1493 1571 1733 1635 alterutroloco
1747 1567 1851 1629 abun·

241 1659 661 1754 pedites-equitesqueciam.
663 1661 700 1744 s
711 1663 874 1743 dispositis
881 1661 926 1721 ibi
935 1679 1013 1740 por·
1070 1657 1147 1718 darc
1160 1645 1395 1740 iutelligereltt,
1418 1659 1528 1737 priori,
1541 1671 1579 1718 ut
1590 1660 1642 1718 cui
1654 1656 1762 1716 minus
1777 1652 1851 1730 apta

241 1745 299 1806 tim
318 1759 374 1823 qut
393 1761 575 1805 remansere
597 1747 721 1825 equites
738 1745 874 1828 clamf.
896 1745 963 1812 V8·
982 1755 1013 1804 et

240 1826 314 1908 ped.
329 1827 515 1906 equitesque
528 1829 660 1912 rioms
676 1829 824 1910 dispositi
832 1829 955 1910 partim
968 1825 1012 1886 ibi

239 1921 468 1973 remanserunt
479 1912 601 1990 equites
615 1913 747 1996 rioms.
759 1913 825 1982 L1.
839 1923 870 1973 et
887 1911 1014 1992 pedites

242 1994 366 2072 equites
381 1992 513 2075 ciam..f.
527 1997 632 2074 quiC.
646 2011 680 2058 et·
689 1997 814 2078 pedites
824 1997 1014 2076 equitesque
1033 2039 1034 2044 1

243 2074 446 2158 dumph-Vici,
453 2077 578 2156 pedites
588 2083 710 2161 equites
723 2081 853 2163 ciunt.f·
868 2075 1016 2159 dispositi

242 2157 424 2240 praetumidi
435 2161 739 2239 quiremansenun't
749 2166 798 2233 Dl
808 2165 826 2228 ².
838 2163 911 2244 ped,
925 2160 1015 2242 equi·

244 2241 438 2324 ludelawe
449 2244 725 2328 disposutpartim
736 2245 780 2309 iti
790 2256 1016 2308 rentunserunt
1028 2308 1032 2313 ,
1045 2290 1056 2316 ,

188 2397 207 2410 Α
241 2329 312 2394 Do.
327 2343 389 2388 nec
404 2327 500 2388 aliter
510 2329 695 2394 Gallicanus
708 2331 851 2394 Goduini
862 2327 1013 2389 DWGH.

240 2408 409 2488 nisiquod
426 2423 474 2486 et,
506 2412 551 2476 it.
572 2421 683 2476 autem
712 2425 744 2478 er
760 2411 1013 2494 clamoresacm,

241 2505 317 2562 ante
329 2496 531 2572 eruptionem
542 2498 676 2562 addunt.
682 2503 757 2580 ped.
767 2500 954 2580 equitesque
960 2515 1014 2555 no·

244 2576 363 2644 creseat
376 2575 540 2656 dispositu
551 2583 701 2662 paritius
720 2581 877 2664 oppidani
892 2580 1016 2660 equites

243 2673 279 2728 et,
286 2657 626 2748 peditemtimfive.
637 2664 791 2746 aquoed.
803 2667 891 2728 Flor.
900 2675 1025 2740 eotan-⁴

241 2757 318 2812 tum,
330 2741 455 2820 differt,
467 2749 565 2826 ,quoa
578 2763 611 2812 et
621 2753 746 2832 equites
758 2769 817 2830 pro
831 2749 1018 2835 equitesque

242 2828 361 2905 huben
373 2827 445 2890 Vns.
457 2849 511 2905 eo,
522 2833 653 2910 quodet
662 2845 734 2914 post
746 2832 903 2916 oppidani
914 2829 1016 2902 additi

241 2911 310 2980 vo·
325 2911 600 2988 animosissime
612 2919 787 2980 verborum
798 2918 1016 2995 posteriorum

150 2995 152 3004 '
242 2995 513 3075 mutatopadites
527 3013 560 3065 et
581 3004 705 3083 equites
723 3001 875 3082 exhibetq
899 2998 1027 3070 eodem.

243 3077 461 3156 ordinehaeo,
483 3083 539 3144 sed
551 3088 734 3166 praeposito
747 3099 788 3158 et,
811 3085 929 3164 scripta
941 3094 1017 3143 sunt

240 3167 276 3231 ia
286 3159 443 3232 LdRGu.
463 3174 555 3242 1—5.
577 3172 632 3248 qui
651 3183 757 3234 cetera
772 3173 817 3230 ita
833 3181 872 3228 ut
886 3169 952 3237 V6.
965 3186 1016 3226 re·

240 3259 458 3326 praetentent,
477 3253 1017 3334 in'otnnibusqueconsentientem

241 3327 445 3398 habentV3.
458 3335 616 3414 nisiquod
633 3337 688 3398 hic
704 3338 804 3417 priori
820 3335 946 3416 pedites
965 3353 1017 3393 cos

241 3413 356 3494 polam
368 3425 402 3488 et
413 3417 572 3499 praefigit.
620 3419 772 3500 Denique
791 3433 823 3481 et
839 3419 897 3499 qui
910 3418 956 3478 ibi
966 3436 1017 3477 re·

243 3509 436 3558 manserunt
452 3501 582 3582 equites
595 3504 731 3588 cianus.
755 3505 874 3584 legitur
889 3505 924 3562 in
936 3501 972 3562 P.
987 3512 1019 3560 et

242 3580 302 3660 qui
313 3577 594 3645 ibiremnrtserunt
608 3590 699 3648 ciam.
701 3588 738 3669 f.
754 3591 788 3649 in
802 3587 840 3648 N.
857 3587 909 3648 De
921 3587 1018 3645 sensu

242 3663 365 3736 horum
377 3666 550 3738 verborum
557 3689 625 3730 non
638 3670 763 3732 videtur
774 3668 1016 3750 ambigendum,

243 3748 325 3830 quin
341 3751 476 3829 scriptor
492 3750 599 3815 dicere
620 3754 757 3816 voluerit
770 3756 921 3814 militesa
938 3753 1017 3814 Cae·

242 3849 313 3896 aare
324 3832 568 3927 lillammissos,
577 3849 680 3917 quum
692 3857 752 3917 per
763 3839 1017 3902 adversariorum

240 3913 400 3996 praesidia
413 3921 449 3980 in
465 3920 625 4000 oppidum
642 3923 816 3997 venusam,
846 3925 965 4002 partim
980 3924 1018 3984 in

242 3997 363 4078 oppido
377 4005 585 4080 remansisse,
618 4003 739 4086 partim
756 4007 1017 4086 eruptionemin

240 4081 518 4164 Pompeianorum
531 4101 630 4157 castra
641 4089 764 4152 secuse.
785 4091 1016 4154 *Eumsenlurn

241 4168 315 4248 petis
332 4169 505 4250 perspicite
524 4175 677 4254 exprimit
694 4175 791 4236 lectio
813 4173 946 4248 Aldina,
974 4173 1016 4233 *ab

1072 1753 1192 1816 esseut,
1232 1753 1375 1802 mutasse
1401 1755 1433 1802 et
1456 1743 1587 1802 mutatis
1614 1743 1712 1802 etiam
1735 1735 1854 1796 mediis

1072 1826 1339 1906 (disp-remens.)
1359 1845 1432 1888 eam
1448 1825 1623 1886 lectionem
1646 1821 1848 1904 produxisse,
1953 1837 1958 1845 ·

1073 1917 1155 1990 quae
1169 1909 1232 1970 fuit
1245 1921 1320 1968 ante
1330 1909 1453 1992 Aldum
1466 1910 1604 1990 vulgata.
1647 1907 1780 1968 Etenim
1800 1903 1850 1962 oi-

1072 1993 1213 2055 fensioni
1225 1993 1434 2054 erantmedia
1454 2007 1588 2074 propter
1602 1992 1849 2060 insolentiorem
1896 1995 1902 2012 ·

1073 2079 1364 2144 constructionem:
1399 2077 1510 2138 deerat
1526 2077 1693 2157 participio
1712 2091 1847 2143 nomen,

1074 2160 1194 2242 partim
1218 2162 1393 2222 obscurum
1419 2174 1522 2235 erat,
1544 2162 1602 2242 qui
1624 2168 1851 2219 remanserunt

1075 2245 1291 2322 explicatione
1305 2245 1432 2328 egebat.
1475 2246 1535 2306 His
1547 2243 1781 2305 succurrebant
1790 2242 1846 2312 ita,

1073 2342 1111 2414 ut
1123 2329 1273 2407 partibus
1287 2331 1445 2412 oppidani
1452 2329 1637 2401 scriberent,
1669 2343 1752 2408 quae
1769 2327 1795 2384 si
1808 2323 1849 2393 ab
1900 2379 1901 2384 ,

1073 2417 1142 2492 ipso
1156 2415 1301 2490 profecta
1316 2421 1429 2486 essent,
1445 2413 1758 2493 obperspicuitatam
1765 2427 1850 2484 nun:

1074 2513 1172 2576 quam
1189 2500 1233 2558 ita
1249 2499 1368 2558 mutari
1382 2501 1576 2576 potuissent,
1614 2508 1650 2555 ut
1666 2499 1700 2556 in
1718 2491 1867 2574 optimis·

1073 2582 1239 2660 leguntur.
1288 2583 1394 2680 (Vecte
1412 2592 1522 2642 autem
1542 2601 1639 2660 quam
1658 2594 1847 2658 supervacas

1074 2682 1178 2724 neum
1191 2668 1246 2737 sit,
1269 2663 1377 2726 dicere
1389 2685 1456 2726 non
1468 2685 1560 2745 opus.
1610 2665 1680 2724 Nec
1697 2663 1757 2722 sibi
1773 2677 1850 2720 con·

1074 2758 1160 2810 etant
1181 2748 1355 2810 deteriores
1384 2744 1434 2810 illi
1463 2751 1498 2810 in
1529 2749 1645 2808 ordine·
1675 2745 1849 2806 verborum

1076 2844 1315 2910 extremorum,
1346 2853 1428 2910 quae
1446 2833 1457 2891 l
1473 2846 1523 2892 cet
1541 2851 1654 2892 omnes
1666 2833 1700 2890 in
1713 2827 1849 2888 eandem
1913 2904 1919 2908 .

1074 2919 1269 2978 sententiam
1282 2917 1482 2978 conformata
1494 2915 1744 2995 exhibeant,hut
1755 2913 1848 2994 oppi-

1075 3000 1173 3062 danos
1186 3003 1390 3080 eruptionem
1404 3003 1516 3062 fecisse
1527 3000 1718 3087 significent,
1737 3011 1850 3058 tamen

1074 3087 1145 3164 ipsa
1168 3084 1370 3166 singulorum
1390 3086 1565 3146 verborum
1585 3083 1850 3146 collocandorum

1076 3167 1287 3247 discrepantia
1300 3183 1490 3250 argumento
1503 3182 1559 3244 est,
1574 3187 1640 3229 non
1655 3189 1695 3229 ex
1706 3169 1849 3248 genuino

1074 3251 1192 3312 hausta
1204 3271 1271 3312 esse
1284 3255 1386 3313 fonte.
1415 3253 1566 3330 Denique
1580 3270 1751 3312 consensus
1766 3251 1850 3328 opti·

1075 3354 1209 3396 morum
1223 3339 1258 3398 in
1271 3336 1387 3417 copula
1402 3349 1434 3397 et
1448 3348 1521 3416 post
1537 3347 1617 3414 sunt
1633 3337 1758 3416 recepti
1769 3351 1850 3394 non-

1075 3419 1162 3480 nihil
1173 3423 1334 3482 momenti
1345 3418 1455 3495 habet,
1471 3437 1552 3500 quae
1566 3424 1789 3482 consistorum
1802 3420 1849 3478 le-

1075 3505 1497 3585 ctioneconsisterenequit.
1541 3505 1850 3588 Hancigiturinter·

1075 3587 1220 3667 polatam
1238 3601 1271 3650 et
1288 3589 1419 3650 ductam
1438 3591 1609 3650 attulimus
1620 3609 1661 3650 ex
1676 3609 1728 3664 ea,
1753 3607 1851 3668 quam

1073 3673 1227 3742 L1v18.
1245 3686 1502 3753 repraesentant,
1530 3675 1710 3754 {verborum
1728 3675 1852 3752 equites

1075 3756 1319 3839 clamorefacto
1330 3761 1500 3820 iteratione
1520 3769 1553 3817 et
1569 3756 1755 3816 mediorum
1774 3759 1851 3816 scri

1074 3851 1170 3920 ptura
1181 3843 1254 3915 tali,
1278 3843 1380 3922 qualis
1393 3843 1486 3902 estin
1496 3839 1527 3898 D
1538 3850 1553 3908 1
1564 3842 1632 3908 V2.
1651 3859 1708 3900 seu
1721 3839 1850 3901 Aldina.

1074 3925 1183 4004 Atque
1195 3925 1293 3986 etiam
1307 3927 1435 4004 quaein
1446 3925 1517 3986 aliis
1529 3937 1655 3986 exstant
1666 3923 1851 3985 mediorum

1075 4011 1251 4083 cunctatas,
1267 4007 1356 4072 haud
1369 4008 1468 4070 dubie
1479 4009 1680 4071 fluxerunte
1699 4012 1848 4080 lectione,

1072 4092 1178 4172 qualis
1192 4104 1240 4154 est
1251 4091 1379 4166 Aldina,
1389 4087 1735 4155 cuiusritiumscilicet
1745 4095 1850 4154 lenius

1071 4174 1305 4258 corrigendum
1314 4175 1474 4256 putabant
1486 4176 1609 4238 abiecta
1627 4195 1693 4237 nna
1706 4177 1850 4238 litterula

231 4248 798 4336 'editoribusomnibuoretenta,‚cui
812 4276 917 4338 quum
929 4257 1016 4330 codi—
1070 4271 1110 4319 et
1123 4277 1186 4322 una
1200 4260 1442 4322 voculadeleta.
1484 4261 1539 4322 arc
1548 4259 1730 4322 factumest
1743 4261 1851 4342 dispa-

241 4351 321 4424 caus
337 4339 509 4424 sumentes
522 4341 706 4424 condecit,
741 4345 865 4433 exiguis
881 4342 1016 4424 quibus·

1072 4343 1847 4428 sitipmtimibirernanseruntinDGallDzWG.,
