4506 5396
197 366 223 440 2

201 585 239 640 et
259 573 551 668 Oudendorpius
576 575 693 646 varias
716 576 877 672 istorum
898 578 1073 650 codicum
1093 580 1278 653 lectiones
1303 582 1625 678 deprompsissent
1644 590 1741 680 „sed
1766 591 1858 662 adeo

203 691 453 786 negligenter,
481 710 526 764 ut
540 695 623 764 sine
637 697 710 764 hoc
725 697 822 765 libro
838 699 948 768 nulla
964 697 1015 766 sit
1029 697 1186 770 illarum
1201 702 1417 772 editionum
1432 704 1541 796 fides,
1573 708 1705 778 nullus
1721 730 1824 782 usus.
1835 709 1859 748 “

201 807 315 878 Hunc
332 811 439 880 enim
450 812 591 882 librum
602 817 918 907 tantopraeconio
930 816 1172 888 inauctionis
1188 821 1607 916 Spohnianaecatalogo
1623 824 1859 919 insignitum
1940 847 1958 910 j

200 942 403 1020 postquam
416 929 669 1002 bibliothecae
683 950 833 1006 nostrae
847 935 1186 1007 intulitWachleri
1196 959 1285 1008 cura
1297 939 1464 1031 provida,
1473 939 1604 1008 statim
1613 941 1859 1014 intellectum

202 1059 353 1117 estnon
368 1051 593 1142 esseillum,
630 1076 744 1144 quern
762 1053 955 1123 Fabricius
975 1054 1071 1123 olim
1092 1055 1247 1126 Davisio
1263 1056 1445 1126 secundas
1462 1079 1568 1128 curas
1581 1059 1747 1151 edituro,
1772 1076 1859 1131 tum

202 1167 473 1261 Oudendorpio
490 1170 679 1240 utendum
692 1171 872 1262 dedisset,
907 1196 1027 1264 quum
1039 1173 1307 1244 Fabricianum
1328 1176 1521 1267 exemplar
1535 1177 1765 1258 Davisianae'
1783 1179 1860 1250 edi·

202 1285 321 1354 tionis
335 1287 472 1378 prioris
488 1289 626 1358 fuisset
638 1304 676 1359 et
690 1291 912 1358 varietatem
926 1314 996 1381 per
1009 1314 1141 1360 omnes
1160 1293 1462 1362 Commentarios
1474 1294 1740 1365 continuatam
1756 1297 1861 1366 exhi·

201 1404 324 1495 beret,
351 1407 424 1474 hoc
437 1407 705 1498 Spohnianum
720 1425 848 1478 autern
863 1408 1092 1504 Graevianae
1107 1409 1158 1510 sit
1171 1410 1353 1504 Lugduni
1370 1414 1596 1481 Batavorum
1611 1437 1642 1483 a.
1661 1419 1758 1490 1715
1770 1413 1859 1483 duo·

201 1523 271 1591 bus
286 1524 548 1594 voluminibus
562 1527 755 1618 repetitae,
777 1542 815 1597 et
827 1526 1011 1600 lectiones
1027 1550 1107 1596 non
1120 1528 1219 1596 ultra
1236 1509 1335 1600 Gall.
1350 1531 1413 1619 VI,
1427 1535 1478 1604 22
1494 1531 1698 1624 adscriptas
1709 1519 1856 1608 habear,

202 1642 334 1734 Neque
354 1664 441 1714 vero
467 1644 541 1712 hoc
565 1643 599 1712 si
629 1649 775 1737 praesto
801 1646 939 1716 luisset
963 1644 1251 1736 Oudendorpio,
1298 1646 1354 1716 ita
1387 1645 1627 1738 impeditumr
1650 1664 1688 1718 et
1713 1649 1858 1741 ancipi-

202 1778 283 1831 tern
299 1761 386 1832 eius.
402 1741 518 1832 usum
540 1764 649 1853 queri
673 1765 877 1856 potuisset,
912 1778 957 1834 ut
981 1763 1074 1834 lacit
1097 1763 1142 1836 in
1161 1764 1396 1857 praefatione
1419 1779 1457 1835 et
1480 1765 1593 1841 notis·
1651 1766 1734 1842 Hoc
1753 1765 1860 1844 enim

204 1880 297 1951 licet
307 1881 354 1950 ad
370 1883 513 1950 calcem
524 1881 732 1954 voluminis
742 1883 878 1975 prioris
889 1881 935 1952 de
945 1883 1063 1954 unius
1074 1882 1302 1954 cuiusdama
1315 1881 1448 1974 Lipsio
1458 1883 1629 1976 usurpati
1639 1885 1861 1976 compendii

199 2000 489 2094 significatione
503 1999 714 2072 dubitantis
726 2002 845 2073 Gudii
858 2003 969 2074 verba
982 2002 1130 2091 habeat,
1139 2001 1427 2072 tamenfoatem
1442 2002 1651 2076 lectionem
1661 2004 1858 2077 incertum

203 2121 421 2215 relinquere
435 2139 515 2188 non
528 2120 644 2212 solet,
672 2133 763 2212 quas
778 2123 857 2192 fere
871 2143 1003 2192 omnes
1017 2119 1198 2190 distincte
1212 2133 1250 2190 et
1264 2118 1355 2191 satis
1374 2136 1549 2193 accurate
1570 2121 1649 2195 suis
1662 2122 1760 2214 locis
1773 2123 1870 2200 assis

205 2256 309 2338 gnat.
368 2238 547 2328 Exempli
562 2251 692 2309 caussa
708 2239 806 2310 Gall.
825 2242 855 2310 Ι.
877 2244 913 2330 8,
937 2241 961 2314 4
981 2239 1027 2310 ad
1042 2239 1150 2310 verba
1164 2239 1322 2310 navibus
1340 2238 1475 2312 iunctis
1490 2239 1785 2332 Oudendorpius
1800 2241 1862 2342 ab

207 2373 347 2427 servat:
381 2357 521 2448 „Libri
540 2359 599 2427 sui
621 2357 789 2451 margini
803 2355 1004 2448 adscripsit
1020 2358 1078 2428 vir
1093 2358 1243 2458 doctus,
1261 2356 1445 2432 ,Gudium
1460 2371 1572 2449 puto,
1600 2380 1709 2450 posse
1723 2361 1761 2434 a't
1778 2359 1859 2454 legi

206 2477 363 2544 navibus
377 2475 510 2545 vinctis
525 2492 678 2569 propter
692 2476 921 2568 scripturam
936 2475 1167 2568 ambiguam.
1177 2475 1200 2514 “
1252 2476 1298 2548 In
1313 2475 1436 2545 nostri
1451 2477 1676 2568 exemplaris
1686 2477 1871 2571 margi-ne·

207 2599 306 2666 clare
333 2592 615 2688 scriptumest:
661 2597 821 2686 „Posset
842 2609 880 2665 et
909 2592 1117 2688 legivinct.
1135 2593 1225 2688 adeo
1249 2607 1307 2663 est
1330 2593 1517 2685 scriptura
1537 2595 1715 2690 ambigua
1761 2595 1825 2668 Gr.
1836 2595 1872 2644 “r
1962 2688 1964 2692 Ι
2073 2597 2074 2601 ’

208 2715 345 2806 quibus
359 2711 484 2784 verbis'
497 2711 653 2802 Gruteri
665 2713 888 2784 continetur
901 2712 946 2783 de
969 2735 1125 2782 suorum
1140 2712 1317 2782 codicum
1340 2711 1527 2802 scriptura
1541 2714 1744 2786 indicium.
1802 2713 1860 2784 Ad

205 2835 269 2902 VI.
284 2837 346 2922 22,
370 2836 389 2903 1
411 2830 591 2900 Davisius
613 2833 656 2902 in
679 2831 778 2902 curis
796 2830 972 2902 secundis
992 2831 1106 2900 reiert
1124 2848 1191 2916 pro
1213 2828 1254 2896 in
1274 2828 1371 2898 lacta
1390 2829 1668 2916 Lovaniensern
1683 2830 1823 2902 habere
1843 2855 1862 2900 e

208 2956 324 3041 lacte5
351 2947 660 3042 Oudendorpius,
687 2925 888 3042 postquam
903 2951 943 3018 in
956 2946 1134 3018 omnibus
1152 2941 1231 3014 suis
1245 2944 1289 3015 in
1300 2946 1408 3020 Mss.
1424 2947 1504 3042 legi
1517 2961 1677 3020 testatus
1692 2963 1750 3020 est
1761 2950 1860 3039 „hic

208 3066 391 3162 quoque“
413 3067 545 3158 inquit
561 3068 642 3158 „de
656 3067 885 3153 Lovaniensi
901 3066 1033 3136 dubito
1041 3090 1053 3156 5
1086 3061 1197 3132 cuius
1219 3077 1498 3157 excerptorum,
1532 3066 1859 3161 quaeegobabeo,

208 3202 317 3277 nota,
346 3185 454 3256 docet
469 3201 670 3279 quoquest
686 3197 720 3254 et
735 3188 779 3255 ab
797 3210 840 3256 eo
854 3187 979 3256 abesse
988 3210 1001 3276 3
1011 3186 1035 3230 “
1062 3182 1330 3276 Spohnianum
1345 3195 1477 3255 contra
1489 3183 1682 3277 exemplar
1694 3183 1804 3256 docet
1815 3185 1860 3256 in

212 3304 440 3376 Lovaniensi
453 3305 532 3400 legi
545 3329 563 3374 c
578 3308 687 3390 lactc,
717 3329 735 3374 e
752 3327 871 3389 caseo,
900 3325 1022 3374 carne·
1075 3301 1145 3372 His
1160 3301 1272 3372 rebus
1286 3301 1480 3391 probabile
1494 3302 1540 3372 iit
1550 3301 1676 3374 virum
1692 3302 1861 3404 aliquem

210 3425 368 3516 doctum
381 3421 825 3518 Fabricianoexemplari
840 3423 1012 3516 potitum
1026 3417 1177 3510 eodem,
1205 3418 1310 3510 quod
1323 3415 1502 3494 Davisius
1515 3433 1553 3489 et
1569 3419 1862 3513 Oudendorpius

207 3542 421 3636 habuerant
442 3547 554 3631 (nam
569 3541 753 3634 lectiones
774 3556 875 3612 certe
893 3543 1094 3638 pleraeque
1115 3537 1287 3628 eaedem,
1320 3537 1466 3608 codices
1490 3559 1576 3608 vero
1591 3560 1724 3610 omnes
1735 3538 1862 3612 iidem
1904 3529 1907 3534 ’

210 3667 322 3748 sunt)
340 3659 459 3731 varias
475 3681 521 3728 ex
541 3679 583 3729 eo
607 3659 791 3730 lectiones
807 3682 886 3729 non
908 3659 993 3728 sine
1008 3680 1097 3728 cura
1112 3679 1154 3726 ac
1170 3655 1373 3752 diligentia
1385 3656 1429 3728 in
1441 3673 1557 3728 suum
1572 3655 1727 3747 aliquod
1739 3679 1862 3730 exem·

208 3785 294 3874 plar
316 3780 517 3872 derivasse,
553 3778 664 3848 cuius
684 3781 879 3862 διασκευῆς
897 3802 977 3849 non
998 3778 1102 3847 ultra
1120 3773 1291 3866 Gattvl,
1303 3779 1356 3848 22
1368 3772 1601 3866 pertinentis
1615 3779 1862 3872 apographon

210 3902 284 3972 hoc
299 3899 567 3992 Spohnianum
579 3896 772 3988 exemplar
786 3907 1053 3989 repraesentet.
1067 3906 1071 3912 '
1087 3895 1212 3987 Atque
1224 3895 1282 3964 vir
1297 3893 1365 4002 ille
1379 3893 1512 3965 doctus
1526 3892 1678 3966 videtur
1692 3895 1860 3966 Gottlieb

212 4019 365 4090 Cottius
379 4019 508 4088 fuisse.
534 4018 694 4110 „Caesar
709 4037 797 4086 cum
806 4016 913 4087 Mss.
929 4015 1090 4086 collatus
1105 4036 1126 4083 e
1139 4011 1370 4084 bibliotheca
1379 4011 1741 4106 Cortianapervenit
1752 4013 1861 4084 ad..“

212 4139 308 4227 (hoc
327 4139 412 4208 loco
433 4134 532 4234 sigla
547 4137 643 4228 fuit,
677 4125 786 4206 cuius
804 4133 884 4204 ima
901 4155 986 4228 pars
1002 4132 1125 4203 adhuc
1149 4132 1254 4202 cerni
1272 4145 1414 4225 potest,
1430 4130 1613 4225 superior
1625 4130 1781 4204 evanuit
1794 4131 1859 4224 ita,

212 4271 258 4328 nt
278 4257 409 4328 littera
424 4254 506 4349 ipsa
529 4255 685 4352 agnosci
705 4259 903 4348 nequeat.)
925 4274 1001 4345 „ea
1022 4251 1175 4324 collatio
1195 4250 1290 4322 huic
1311 4252 1485 4344 exemplo
1506 4249 1694 4343 adscripta
1711 4265 1779 4324 est.
1825 4273 1871 4332 v„

213 4377 414 4450 Fabric'B.
435 4377 517 4464 Lat.
536 4373 618 4446 11.“
676 4375 779 4447 Haec
796 4373 840 4445 ab
861 4371 1051 4464 Ernestii,
1089 4385 1136 4443 ut
1157 4369 1324 4465 videtur,
1355 4393 1475 4444 manu
1497 4369 1541 4444 in
1555 4369 1682 4446 {tonte
1692 4367 1783 4442 libri
1798 4367 1858 4440 sui
