4506 5396
214 1525 273 1634 N
272 1567 518 1661 onagesimus
536 1578 743 1652 estannus,
772 1583 817 1629 ex
832 1583 908 1653 quo
924 1559 1202 1634 commentarii
1217 1559 1264 1630 de
1275 1559 1388 1630 bellis
1402 1558 1570 1632 Caesaris
1585 1577 1676 1628 cura
1689 1570 1728 1626 et
1743 1541 1871 1626 studio

213 1681 406 1753 Francisci
424 1681 688 1772 Oudendorpii
702 1678 748 1749 ad
762 1680 876 1752 fidem
891 1679 1242 1770 manuscriptorum
1257 1679 1424 1772 expressi
1439 1679 1624 1774 prodiere,
1638 1675 1765 1746 multo
1779 1695 1870 1744 sane

214 1791 508 1891 emendatiores,
535 1821 651 1891 quam
663 1813 793 1890 antea,
828 1799 893 1869 sed
908 1795 1039 1870 tamen
1053 1796 1155 1867 haud
1176 1798 1308 1890 paucis
1323 1799 1417 1868 locis
1434 1799 1478 1868 in
1493 1797 1609 1866 altera
1623 1793 1871 1888 potissimum

204 1939 205 1944 ¹
212 1931 320 2008 parte
333 1933 533 2013 corruptae
545 1918 605 1988 vel
624 1916 761 1989 dubiae
782 1917 978 2008 lectionis,
1012 1915 1189 2012 pluribus
1212 1918 1329 1987 etiarn
1348 1918 1516 1988 incertae
1529 1911 1868 2005 interpretationis,

214 2033 279 2103 cui
294 2035 352 2104 rei
365 2035 521 2129 priores,
548 2036 618 2128 qui
632 2057 717 2105 eam
732 2057 851 2104 unam
866 2033 1033 2104 maxime
1047 2033 1220 2130 agebant,
1234 2036 1429 2107 codicibus
1442 2035 1520 2104 fere
1532 2023 1708 2102 destituti
1720 2051 1870 2102 succur-

212 2173 295 2222 rere
306 2149 438 2222 minus
451 2168 668 2246 potuerant,
687 2153 981 2248 Oudendorpius
998 2169 1127 2224 autem
1141 2177 1295 2247 operam
1313 2154 1465 2224 dederat
1479 2151 1615 2222 levius,
1667 2149 1738 2220 Sed
1752 2148 1871 2216 inter·
1976 2203 1986 2210 ,

211 2270 470 2365 pretationem
489 2293 611 2364 quum
631 2270 839 2341 admodum
851 2273 1128 2364 promoverint,
1162 2274 1230 2365 qui
1245 2288 1331 2366 post
1343 2272 1458 2342 illum
1475 2266 1778 2368 Commentarios
1792 2264 1874 2345 edi<

213 2383 371 2483 derunt,
406 2390 716 2462 emendationem
736 2405 877 2460 certam
893 2405 930 2459 et
948 2413 968 2459 a
991 2390 1184 2461 codicibus
1200 2391 1363 2484 petitam
1376 2412 1500 2481 neque
1520 2386 1752 2458 nostratium
1766 2384 1867 2477 quis-

66 2558 69 2597 ,
129 2542 132 2556 =
212 2530 330 2600 quam
345 2509 539 2602 exhibuit,
561 2524 612 2578 nt
626 2531 745 2578 novae
756 2509 990 2580 recensionis
1006 2524 1138 2580 auctor
1151 2508 1230 2580 dici
1244 2509 1380 2603 possit,
1408 2522 1446 2576 et
1461 2505 1529 2598 qui
1542 2504 1644 2576 inter
1658 2505 1785 2576 Gallos
1798 2525 1868 2571 nu·

201 2628 280 2719 'per
292 2625 370 2696 dici
384 2628 527 2717 voluit,
553 2627 820 2718 Achaintrius,
852 2642 999 2720 partem
1018 2649 1200 2723 magnam
1217 2649 1350 2720 operae
1364 2624 1542 2718 perdidit.
1604 2628 1687 2694 Iam
1709 2643 1779 2718 ego
1791 2643 1865 2712 qua

210 2745 273 2814 via
288 2759 329 2816 et
338 2743 485 2813 ratione
501 2751 583 2814 rem
601 2759 701 2836 certe
717 2765 796 2813 non
809 2767 1125 2837 supervacaneam
1140 2745 1409 2817 administrare
1422 2741 1710 2828 constituerim,
1746 2738 1865 2833 speci·
1909 2757 1912 2770 ·

210 2885 303 2934 men
314 2863 388 2933 hoc
402 2863 531 2954 ipsum
547 2863 731 2953 ostendat,
745 2863 845 2953 quod
860 2864 1089 2955 particulam
1104 2861 1330 2933 difficillimi
1345 2879 1382 2932 et
1395 2860 1562 2929 maxime
1576 2858 1748 2952 corrupti
1756 2860 1865 2930 Com·

209 2979 489 3050 mentariorum
509 2981 686 3050 omnium
707 2996 861 3052 tractata
893 2981 1032 3073 quibus
1050 2981 1206 3051 auxiliis
1223 2983 1266 3050 in
1280 3005 1322 3050 ea
1337 2995 1444 3075 parte
1460 3003 1550 3049 usus
1563 2979 1655 3070 sim,
1682 2977 1747 3048 hic
1761 2999 1866 3071 prae-

207 3097 365 3171 fationis
379 3099 466 3168 loco
482 3097 615 3171 dicam.
668 3100 852 3190 Primum,
881 3115 975 3192 quos
988 3099 1275 3185 Oudendorpius
1293 3101 1375 3195 ipse
1389 3103 1555 3170 contulit
1566 3101 1716 3170 bellum
1728 3097 1863 3188 Hispa-

208 3217 344 3288 niense
365 3217 608 3287 continentes
628 3218 775 3288 codices
795 3232 886 3310 tres,
925 3218 1131 3314 Leidenses
1151 3217 1226 3288 duo
1251 3234 1289 3288 et
1310 3218 1614 3308 Dorvillianum,
1654 3237 1714 3287 eos
1735 3216 1861 3284 denuo

208 3337 379 3405 conferre
390 3357 471 3404 non
483 3321 606 3427 potui,
630 3328 712 3426 nec,
734 3335 766 3404 si
780 3355 942 3427 possem,
965 3335 1115 3425 vellem,
1137 3334 1225 3426 quia
1240 3336 1424 3414 lectiones
1438 3357 1571 3405 eorum
1584 3333 1674 3406 satis
1688 3348 1861 3406 accurate

209 3454 254 3520 ab
269 3452 338 3523 illo
353 3467 550 3547 excerptae
562 3468 603 3522 11
613 3454 829 3548 propositae
842 3468 943 3524 suut.
999 3455 1075 3523 Has
1090 3454 1213 3549 igitur
1227 3455 1312 3524 sine
1326 3453 1586 3542 dubitatione,
1618 3454 1861 3546 quemadmo-

208 3572 303 3640 dum
324 3571 617 3664 Oudendorpius
634 3570 881 3668 significavit,
914 3570 1086 3645 adhibui.
1145 3575 1244 3642 Item
1260 3572 1385 3643 aliena
1398 3573 1489 3665 ilde,
1516 3574 1581 3644 sed
1597 3575 1728 3644 minus
1742 3589 1858 3669 ¹certa,

209 3683 398 3760 utendum
420 3682 499 3758 fuit
514 3689 557 3757 in
575 3689 624 3758 iis
641 3669 854 3782 codicibus,
886 3712 1049 3782 quorum
1065 3691 1109 3759 ab
1129 3691 1214 3761 aliis
1235 3694 1396 3762 collecta
1411 3693 1588 3778 lectionis
1604 3691 1784 3762 varietate
1798 3677 1859 3761 vel

207 3802 358 3901 primus
372 3808 441 3878 1111
455 3809 515 3879 vel
528 3801 615 3900 post
625 3806 720 3877 alios
732 3830 823 3878 usus
835 3823 909 3899 est,
936 3809 1066 3901 quales
1080 3825 1171 3880 sunt
1185 3811 1476 3906 Scaligeranus,
1495 3789 1741 3898 Cuiacianus,
1767 3811 1859 3878 Bus-

209 3923 397 4016 lidianuS,
428 3919 672 4017 Petevianus,
701 3922 961 4018 Norvicensis,
992 3928 1138 4024 Regius
1152 3945 1189 3999 et
1205 3931 1412 3998 Vossianus
1428 3929 1583 4019 Clarkii,
1617 3927 1855 4010 Vrsinianus,

210 4045 501 4136 Ciacconianus,
536 4043 745 4137 Gallioa‘ni,
781 4045 827 4116 de
840 4047 976 4137 quibus
992 4051 1035 4118 in
1046 4048 1343 4140 praefationibus
1358 4048 1537 4121 dixerunt
1552 4048 1855 4140 Oudendorpius,

209 4158 387 4234 Davisius
402 4179 441 4233 et
453 4163 638 4234 Clarkius.
677 4175 679 4180 ’
700 4165 777 4236 Nec
794 4189 873 4236 non
887 4165 992 4234 irrita
1008 4167 1086 4236 fuit
1101 4189 1205 4258 spes,
1236 4190 1351 4258 quam
1367 4166 1412 4236 de
1427 4165 1633 4237 Cuiaciano
1645 4183 1684 4238 et
1695 4168 1857 4258 reliquis

119 4353 123 4358 ,
208 4301 230 4350 a
248 4280 426 4376 Grutero,
451 4278 585 4376 Lipsio
600 4298 639 4364 et
653 4281 780 4353 Gudio
796 4283 945 4355 collatis
965 4285 1179 4356 ostenderat
1196 4283 1368 4378 Spohnii,
1394 4285 1617 4358 Professoris
1630 4285 1854 4378 Lipsiensis,

211 4398 426 4496 declaratio,
441 4402 579 4474 esseio
593 4424 660 4473 sua
675 4399 907 4482 bibliotheca
920 4405 1112 4498 exemplar
1123 4404 1224 4475 illud
1240 4403 1518 4499 Fabricianum,
1530 4429 1576 4476 ex
1589 4428 1663 4498 quo
1676 4402 1853 4476 Davisius

1431 4547 1450 4622 1
